@InProceedings{Maurer2018a,
  author    = {Daniel Maurer and Andr√©s Bruhn},
  booktitle = {Proc. British Machine Vision Conference (BMVC)},
  title     = {{ProFlow}: learning to predict optical flow},
  publisher = {BMVA Press},
  groups    = {CVIS},
  year      = {2018},
}

@InProceedings{RAFT,
  author= "Teed, Zachary and Deng, Jia",
  title={{RAFT}: recurrent all-pairs field transforms for optical flow},
  booktitle="Proc. European Conference on Computer Vision (ECCV)",
  year="2020",
  publisher="Springer",
  pages="402--419",
  series = {LNCS 12347}
}


@Article{Zimmer2011,
  author  = {Zimmer, Henning and Bruhn, Andr{\'e}s and Weickert, Joachim},
  title   = {Optic flow in harmony},
  doi     = {10.1007/s11263-011-0422-6},
  number  = {3},
  pages   = {368--388},
  volume  = {93},
  journal = {International Journal of Computer Vision},
  year    = {2011},
}

@PhdThesis{Maurer2019,
  author = {Maurer, Daniel},
  title  = {Adaptive Algorithms for 3D Reconstruction and Motion Estimation},
  doi    = {10.18419/opus-10651},
  school = {Stuttgart University},
  year   = {2019},
}

@Book{Weickert1998,
  author    = {Weickert, Joachim},
  title     = {Anisotropic Diffusion in Image Processing},
  publisher = {Teubner Stuttgart},
  volume    = {1},
  file      = {:Weickert1998 - Anisotropic Diffusion in Image Processing.pdf:PDF},
  year      = {1998},
}

@inproceedings{SintelButler2012,
	title = {A naturalistic open source movie for optical flow evaluation},
	author = {Butler, D. J. and Wulff, J. and Stanley, G. B. and Black, M. J.},
	booktitle = {Proc. European Conference on Computer Vision (ECCV)},
	publisher = {Springer},
	series = {LNCS 7577},
	pages = {611--625},
	year = {2012},
	doi={10.1007/978-3-642-33783-3_44}
}